@article{achiam2023gpt,
  title={Gpt-4 technical report},
  author={Achiam, Josh and Adler, Steven and Agarwal, Sandhini and Ahmad, Lama and Akkaya, Ilge and Aleman, Florencia Leoni and Almeida, Diogo and Altenschmidt, Janko and Altman, Sam and Anadkat, Shyamal and others},
  journal={arXiv preprint arXiv:2303.08774},
  year={2023}
}

@article{meta2022human,
  title={Human-level play in the game of Diplomacy by combining language models with strategic reasoning},
  author={FAIR, Meta Fundamental AI Research Diplomacy Team (FAIR)â€  and Bakhtin, Anton and Brown, Noam and Dinan, Emily and Farina, Gabriele and Flaherty, Colin and Fried, Daniel and Goff, Andrew and Gray, Jonathan and Hu, Hengyuan and others},
  journal={Science},
  volume={378},
  number={6624},
  pages={1067--1074},
  year={2022},
  publisher={American Association for the Advancement of Science}
}

@article{ouyang2022training,
  title={Training language models to follow instructions with human feedback},
  author={Ouyang, Long and Wu, Jeffrey and Jiang, Xu and Almeida, Diogo and Wainwright, Carroll and Mishkin, Pamela and Zhang, Chong and Agarwal, Sandhini and Slama, Katarina and Ray, Alex and others},
  journal={Advances in neural information processing systems},
  volume={35},
  pages={27730--27744},
  year={2022}
}

@article{yao2022react,
  title={React: Synergizing reasoning and acting in language models},
  author={Yao, Shunyu and Zhao, Jeffrey and Yu, Dian and Du, Nan and Shafran, Izhak and Narasimhan, Karthik and Cao, Yuan},
  journal={arXiv preprint arXiv:2210.03629},
  year={2022}
}

@article{zhu2023ghost,
  title={Ghost in the minecraft: Generally capable agents for open-world environments via large language models with text-based knowledge and memory},
  author={Zhu, Xizhou and Chen, Yuntao and Tian, Hao and Tao, Chenxin and Su, Weijie and Yang, Chenyu and Huang, Gao and Li, Bin and Lu, Lewei and Wang, Xiaogang and others},
  journal={arXiv preprint arXiv:2305.17144},
  year={2023}
}

@inproceedings{zhao2024expel,
  title={Expel: Llm agents are experiential learners},
  author={Zhao, Andrew and Huang, Daniel and Xu, Quentin and Lin, Matthieu and Liu, Yong-Jin and Huang, Gao},
  booktitle={Proceedings of the AAAI Conference on Artificial Intelligence},
  volume={38},
  number={17},
  pages={19632--19642},
  year={2024}
}

@article{qian2023communicative,
  title={Communicative agents for software development},
  author={Qian, Chen and Cong, Xin and Yang, Cheng and Chen, Weize and Su, Yusheng and Xu, Juyuan and Liu, Zhiyuan and Sun, Maosong},
  journal={arXiv preprint arXiv:2307.07924},
  volume={6},
  year={2023}
}

@article{li2023camel,
  title={Camel: Communicative agents for" mind" exploration of large language model society},
  author={Li, Guohao and Hammoud, Hasan and Itani, Hani and Khizbullin, Dmitrii and Ghanem, Bernard},
  journal={Advances in Neural Information Processing Systems},
  volume={36},
  pages={51991--52008},
  year={2023}
}

@article{wang2023avalon,
  title={Avalon's game of thoughts: Battle against deception through recursive contemplation},
  author={Wang, Shenzhi and Liu, Chang and Zheng, Zilong and Qi, Siyuan and Chen, Shuo and Yang, Qisen and Zhao, Andrew and Wang, Chaofei and Song, Shiji and Huang, Gao},
  journal={arXiv preprint arXiv:2310.01320},
  year={2023}
}

@article{xu2023exploring,
  title={Exploring large language models for communication games: An empirical study on werewolf},
  author={Xu, Yuzhuang and Wang, Shuo and Li, Peng and Luo, Fuwen and Wang, Xiaolong and Liu, Weidong and Liu, Yang},
  journal={arXiv preprint arXiv:2309.04658},
  year={2023}
}

@inproceedings{light2023avalonbench,
  title={Avalonbench: Evaluating llms playing the game of avalon},
  author={Light, Jonathan and Cai, Min and Shen, Sheng and Hu, Ziniu},
  booktitle={NeurIPS 2023 Foundation Models for Decision Making Workshop},
  year={2023}
}

@article{wu2024enhance,
  title={Enhance reasoning for large language models in the game werewolf},
  author={Wu, Shuang and Zhu, Liwen and Yang, Tao and Xu, Shiwei and Fu, Qiang and Wei, Yang and Fu, Haobo},
  journal={arXiv preprint arXiv:2402.02330},
  year={2024}
}

@article{jin2024learning,
  title={Learning to Discuss Strategically: A Case Study on One Night Ultimate Werewolf},
  author={Jin, Xuanfa and Wang, Ziyan and Du, Yali and Fang, Meng and Zhang, Haifeng and Wang, Jun},
  journal={arXiv preprint arXiv:2405.19946},
  year={2024}
}

@inproceedings{riedl2012interactive,
  title={Interactive narrative: A novel application of artificial intelligence for computer games},
  author={Riedl, Mark and Bulitko, Vadim},
  booktitle={Proceedings of the AAAI Conference on Artificial Intelligence},
  volume={26},
  number={1},
  pages={2160--2165},
  year={2012}
}

@inproceedings{yannakakis2012game,
  title={Game AI revisited},
  author={Yannakakis, Geogios N},
  booktitle={Proceedings of the 9th conference on Computing Frontiers},
  pages={285--292},
  year={2012}
}

@article{yadkori2024believe,
  title={To Believe or Not to Believe Your LLM},
  author={Yadkori, Yasin Abbasi and Kuzborskij, Ilja and Gy{\"o}rgy, Andr{\'a}s and Szepesv{\'a}ri, Csaba},
  journal={arXiv preprint arXiv:2406.02543},
  year={2024}
}

@article{hendrycks2020measuring,
  title={Measuring massive multitask language understanding},
  author={Hendrycks, Dan and Burns, Collin and Basart, Steven and Zou, Andy and Mazeika, Mantas and Song, Dawn and Steinhardt, Jacob},
  journal={arXiv preprint arXiv:2009.03300},
  year={2020}
}

@inproceedings{park2023generative,
  title={Generative agents: Interactive simulacra of human behavior},
  author={Park, Joon Sung and O'Brien, Joseph and Cai, Carrie Jun and Morris, Meredith Ringel and Liang, Percy and Bernstein, Michael S},
  booktitle={Proceedings of the 36th annual acm symposium on user interface software and technology},
  pages={1--22},
  year={2023}
}

@article{wei2022chain,
  title={Chain-of-thought prompting elicits reasoning in large language models},
  author={Wei, Jason and Wang, Xuezhi and Schuurmans, Dale and Bosma, Maarten and Xia, Fei and Chi, Ed and Le, Quoc V and Zhou, Denny and others},
  journal={Advances in neural information processing systems},
  volume={35},
  pages={24824--24837},
  year={2022}
}

@article{mikolov2013efficient,
  title={Efficient estimation of word representations in vector space},
  author={Mikolov, Tomas},
  journal={arXiv preprint arXiv:1301.3781},
  year={2013}
}

@article{shao2023character,
  title={Character-llm: A trainable agent for role-playing},
  author={Shao, Yunfan and Li, Linyang and Dai, Junqi and Qiu, Xipeng},
  journal={arXiv preprint arXiv:2310.10158},
  year={2023}
}

@inproceedings{wang2024incharacter,
  title={Incharacter: Evaluating personality fidelity in role-playing agents through psychological interviews},
  author={Wang, Xintao and Xiao, Yunze and Huang, Jen-tse and Yuan, Siyu and Xu, Rui and Guo, Haoran and Tu, Quan and Fei, Yaying and Leng, Ziang and Wang, Wei and others},
  booktitle={Proceedings of the 62nd Annual Meeting of the Association for Computational Linguistics (Volume 1: Long Papers)},
  pages={1840--1873},
  year={2024}
}

@inproceedings{aher2023using,
  title={Using large language models to simulate multiple humans and replicate human subject studies},
  author={Aher, Gati V and Arriaga, Rosa I and Kalai, Adam Tauman},
  booktitle={International Conference on Machine Learning},
  pages={337--371},
  year={2023},
  organization={PMLR}
} 

@article{gao2023social,
  title={Social-network Simulation System with Large Language Model-Empowered Agents},
  author={Gao, Chen and Lan, Xiaochong and Lu, Zhihong and Mao, Jinzhu and Piao, Jinghua and Wang, Huandong and Jin, Depeng and Li, Yong},
  journal={arXiv preprint arXiv:2307.14984},
  year={2023}
}

@article{zhou2023sotopia,
  title={Sotopia: Interactive evaluation for social intelligence in language agents},
  author={Zhou, Xuhui and Zhu, Hao and Mathur, Leena and Zhang, Ruohong and Yu, Haofei and Qi, Zhengyang and Morency, Louis-Philippe and Bisk, Yonatan and Fried, Daniel and Neubig, Graham and others},
  journal={arXiv preprint arXiv:2310.11667},
  year={2023}
}

@article{ahn2022can,
  title={Do as i can, not as i say: Grounding language in robotic affordances},
  author={Ahn, Michael and Brohan, Anthony and Brown, Noah and Chebotar, Yevgen and Cortes, Omar and David, Byron and Finn, Chelsea and Fu, Chuyuan and Gopalakrishnan, Keerthana and Hausman, Karol and others},
  journal={arXiv preprint arXiv:2204.01691},
  year={2022}
}