@article{achiam2023gpt,
  title={Gpt-4 technical report},
  author={Achiam, Josh and Adler, Steven and Agarwal, Sandhini and Ahmad, Lama and Akkaya, Ilge and Aleman, Florencia Leoni and Almeida, Diogo and Altenschmidt, Janko and Altman, Sam and Anadkat, Shyamal and others},
  journal={arXiv preprint arXiv:2303.08774},
  year={2023}
}

@article{meta2022human,
  title={Human-level play in the game of Diplomacy by combining language models with strategic reasoning},
  author={FAIR, Meta Fundamental AI Research Diplomacy Team (FAIR)â€  and Bakhtin, Anton and Brown, Noam and Dinan, Emily and Farina, Gabriele and Flaherty, Colin and Fried, Daniel and Goff, Andrew and Gray, Jonathan and Hu, Hengyuan and others},
  journal={Science},
  volume={378},
  number={6624},
  pages={1067--1074},
  year={2022},
  publisher={American Association for the Advancement of Science}
}

@article{ouyang2022training,
  title={Training language models to follow instructions with human feedback},
  author={Ouyang, Long and Wu, Jeffrey and Jiang, Xu and Almeida, Diogo and Wainwright, Carroll and Mishkin, Pamela and Zhang, Chong and Agarwal, Sandhini and Slama, Katarina and Ray, Alex and others},
  journal={Advances in neural information processing systems},
  volume={35},
  pages={27730--27744},
  year={2022}
}

@article{yao2022react,
  title={React: Synergizing reasoning and acting in language models},
  author={Yao, Shunyu and Zhao, Jeffrey and Yu, Dian and Du, Nan and Shafran, Izhak and Narasimhan, Karthik and Cao, Yuan},
  journal={arXiv preprint arXiv:2210.03629},
  year={2022}
}

@article{zhu2023ghost,
  title={Ghost in the minecraft: Generally capable agents for open-world environments via large language models with text-based knowledge and memory},
  author={Zhu, Xizhou and Chen, Yuntao and Tian, Hao and Tao, Chenxin and Su, Weijie and Yang, Chenyu and Huang, Gao and Li, Bin and Lu, Lewei and Wang, Xiaogang and others},
  journal={arXiv preprint arXiv:2305.17144},
  year={2023}
}

@inproceedings{zhao2024expel,
  title={Expel: Llm agents are experiential learners},
  author={Zhao, Andrew and Huang, Daniel and Xu, Quentin and Lin, Matthieu and Liu, Yong-Jin and Huang, Gao},
  booktitle={Proceedings of the AAAI Conference on Artificial Intelligence},
  volume={38},
  number={17},
  pages={19632--19642},
  year={2024}
}

@article{qian2023communicative,
  title={Communicative agents for software development},
  author={Qian, Chen and Cong, Xin and Yang, Cheng and Chen, Weize and Su, Yusheng and Xu, Juyuan and Liu, Zhiyuan and Sun, Maosong},
  journal={arXiv preprint arXiv:2307.07924},
  volume={6},
  year={2023}
}

@article{li2023camel,
  title={Camel: Communicative agents for" mind" exploration of large language model society},
  author={Li, Guohao and Hammoud, Hasan and Itani, Hani and Khizbullin, Dmitrii and Ghanem, Bernard},
  journal={Advances in Neural Information Processing Systems},
  volume={36},
  pages={51991--52008},
  year={2023}
}

@article{wang2023avalon,
  title={Avalon's game of thoughts: Battle against deception through recursive contemplation},
  author={Wang, Shenzhi and Liu, Chang and Zheng, Zilong and Qi, Siyuan and Chen, Shuo and Yang, Qisen and Zhao, Andrew and Wang, Chaofei and Song, Shiji and Huang, Gao},
  journal={arXiv preprint arXiv:2310.01320},
  year={2023}
}

@article{xu2023exploring,
  title={Exploring large language models for communication games: An empirical study on werewolf},
  author={Xu, Yuzhuang and Wang, Shuo and Li, Peng and Luo, Fuwen and Wang, Xiaolong and Liu, Weidong and Liu, Yang},
  journal={arXiv preprint arXiv:2309.04658},
  year={2023}
}

@inproceedings{light2023avalonbench,
  title={Avalonbench: Evaluating llms playing the game of avalon},
  author={Light, Jonathan and Cai, Min and Shen, Sheng and Hu, Ziniu},
  booktitle={NeurIPS 2023 Foundation Models for Decision Making Workshop},
  year={2023}
}

@article{wu2024enhance,
  title={Enhance reasoning for large language models in the game werewolf},
  author={Wu, Shuang and Zhu, Liwen and Yang, Tao and Xu, Shiwei and Fu, Qiang and Wei, Yang and Fu, Haobo},
  journal={arXiv preprint arXiv:2402.02330},
  year={2024}
}

@article{jin2024learning,
  title={Learning to Discuss Strategically: A Case Study on One Night Ultimate Werewolf},
  author={Jin, Xuanfa and Wang, Ziyan and Du, Yali and Fang, Meng and Zhang, Haifeng and Wang, Jun},
  journal={arXiv preprint arXiv:2405.19946},
  year={2024}
}

@inproceedings{riedl2012interactive,
  title={Interactive narrative: A novel application of artificial intelligence for computer games},
  author={Riedl, Mark and Bulitko, Vadim},
  booktitle={Proceedings of the AAAI Conference on Artificial Intelligence},
  volume={26},
  number={1},
  pages={2160--2165},
  year={2012}
}

@inproceedings{yannakakis2012game,
  title={Game AI revisited},
  author={Yannakakis, Geogios N},
  booktitle={Proceedings of the 9th conference on Computing Frontiers},
  pages={285--292},
  year={2012}
}

@article{yadkori2024believe,
  title={To Believe or Not to Believe Your LLM},
  author={Yadkori, Yasin Abbasi and Kuzborskij, Ilja and Gy{\"o}rgy, Andr{\'a}s and Szepesv{\'a}ri, Csaba},
  journal={arXiv preprint arXiv:2406.02543},
  year={2024}
}

@article{hendrycks2020measuring,
  title={Measuring massive multitask language understanding},
  author={Hendrycks, Dan and Burns, Collin and Basart, Steven and Zou, Andy and Mazeika, Mantas and Song, Dawn and Steinhardt, Jacob},
  journal={arXiv preprint arXiv:2009.03300},
  year={2020}
}

@inproceedings{park2023generative,
  title={Generative agents: Interactive simulacra of human behavior},
  author={Park, Joon Sung and O'Brien, Joseph and Cai, Carrie Jun and Morris, Meredith Ringel and Liang, Percy and Bernstein, Michael S},
  booktitle={Proceedings of the 36th annual acm symposium on user interface software and technology},
  pages={1--22},
  year={2023}
}

@article{wei2022chain,
  title={Chain-of-thought prompting elicits reasoning in large language models},
  author={Wei, Jason and Wang, Xuezhi and Schuurmans, Dale and Bosma, Maarten and Xia, Fei and Chi, Ed and Le, Quoc V and Zhou, Denny and others},
  journal={Advances in neural information processing systems},
  volume={35},
  pages={24824--24837},
  year={2022}
}

@article{mikolov2013efficient,
  title={Efficient estimation of word representations in vector space},
  author={Mikolov, Tomas},
  journal={arXiv preprint arXiv:1301.3781},
  year={2013}
}

@article{shao2023character,
  title={Character-llm: A trainable agent for role-playing},
  author={Shao, Yunfan and Li, Linyang and Dai, Junqi and Qiu, Xipeng},
  journal={arXiv preprint arXiv:2310.10158},
  year={2023}
}

@inproceedings{wang2024incharacter,
  title={Incharacter: Evaluating personality fidelity in role-playing agents through psychological interviews},
  author={Wang, Xintao and Xiao, Yunze and Huang, Jen-tse and Yuan, Siyu and Xu, Rui and Guo, Haoran and Tu, Quan and Fei, Yaying and Leng, Ziang and Wang, Wei and others},
  booktitle={Proceedings of the 62nd Annual Meeting of the Association for Computational Linguistics (Volume 1: Long Papers)},
  pages={1840--1873},
  year={2024}
}


@inproceedings{aher2023using,
  title={Using large language models to simulate multiple humans and replicate human subject studies},
  author={Aher, Gati V and Arriaga, Rosa I and Kalai, Adam Tauman},
  booktitle={International Conference on Machine Learning},
  pages={337--371},
  year={2023},
  organization={PMLR}
}

@article{gao2023social,
  title={Social-network Simulation System with Large Language Model-Empowered Agents},
  author={Gao, Chen and Lan, Xiaochong and Lu, Zhihong and Mao, Jinzhu and Piao, Jinghua and Wang, Huandong and Jin, Depeng and Li, Yong},
  journal={arXiv preprint arXiv:2307.14984},
  year={2023}
}

@article{zhou2023sotopia,
  title={Sotopia: Interactive evaluation for social intelligence in language agents},
  author={Zhou, Xuhui and Zhu, Hao and Mathur, Leena and Zhang, Ruohong and Yu, Haofei and Qi, Zhengyang and Morency, Louis-Philippe and Bisk, Yonatan and Fried, Daniel and Neubig, Graham and others},
  journal={arXiv preprint arXiv:2310.11667},
  year={2023}
}

@article{ahn2022can,
  title={Do as i can, not as i say: Grounding language in robotic affordances},
  author={Ahn, Michael and Brohan, Anthony and Brown, Noah and Chebotar, Yevgen and Cortes, Omar and David, Byron and Finn, Chelsea and Fu, Chuyuan and Gopalakrishnan, Keerthana and Hausman, Karol and others},
  journal={arXiv preprint arXiv:2204.01691},
  year={2022}
}

@article{madaan2024self,
  title={Self-refine: Iterative refinement with self-feedback},
  author={Madaan, Aman and Tandon, Niket and Gupta, Prakhar and Hallinan, Skyler and Gao, Luyu and Wiegreffe, Sarah and Alon, Uri and Dziri, Nouha and Prabhumoye, Shrimai and Yang, Yiming and others},
  journal={Advances in Neural Information Processing Systems},
  volume={36},
  year={2024}
}

@article{zhang2023building,
  title={Building cooperative embodied agents modularly with large language models},
  author={Zhang, Hongxin and Du, Weihua and Shan, Jiaming and Zhou, Qinhong and Du, Yilun and Tenenbaum, Joshua B and Shu, Tianmin and Gan, Chuang},
  journal={arXiv preprint arXiv:2307.02485},
  year={2023}
}

@article{yao2024tree,
  title={Tree of thoughts: Deliberate problem solving with large language models},
  author={Yao, Shunyu and Yu, Dian and Zhao, Jeffrey and Shafran, Izhak and Griffiths, Tom and Cao, Yuan and Narasimhan, Karthik},
  journal={Advances in Neural Information Processing Systems},
  volume={36},
  year={2024}
}

@article{liu2023llm+,
  title={Llm+ p: Empowering large language models with optimal planning proficiency},
  author={Liu, Bo and Jiang, Yuqian and Zhang, Xiaohan and Liu, Qiang and Zhang, Shiqi and Biswas, Joydeep and Stone, Peter},
  journal={arXiv preprint arXiv:2304.11477},
  year={2023}
}

@inproceedings{bi2016human,
  title={Human-side strategies in the werewolf game against the stealth werewolf strategy},
  author={Bi, Xiaoheng and Tanaka, Tetsuro},
  booktitle={International Conference on Computers and Games},
  pages={93--102},
  year={2016},
  organization={Springer}
}

@article{serrino2019finding,
  title={Finding friend and foe in multi-agent games},
  author={Serrino, Jack and Kleiman-Weiner, Max and Parkes, David C and Tenenbaum, Josh},
  journal={Advances in Neural Information Processing Systems},
  volume={32},
  year={2019}
}

@article{roberts2000rank,
  title={The rank-order consistency of personality traits from childhood to old age: a quantitative review of longitudinal studies.},
  author={Roberts, Brent W and DelVecchio, Wendy F},
  journal={Psychological bulletin},
  volume={126},
  number={1},
  pages={3},
  year={2000},
  publisher={American Psychological Association}
}

@article{john2008paradigm,
  title={Paradigm shift to the integrative big five trait taxonomy},
  author={John, Oliver P and Naumann, Laura P and Soto, Christopher J},
  journal={Handbook of personality: Theory and research},
  volume={3},
  number={2},
  pages={114--158},
  year={2008},
  publisher={New York: Guilford}
}

@article{costa1999five,
  title={A five-factor theory of personality},
  author={Costa, PT and McCrae, RR},
  journal={Handbook of personality: Theory and research},
  volume={2},
  number={01},
  pages={1999},
  year={1999},
  publisher={Guildford Press New York}
}

@article{cattell1992handbook,
  title={Handbook for the sixteen personality factor questionnaire (16 PF)},
  author={Cattell, Raymond Bernard and Eber, Herbert W and Tatsuoka, Maurice M},
  journal={(No Title)},
  year={1992}
}

@article{mccrae1987validation,
  title={Validation of the five-factor model of personality across instruments and observers.},
  author={McCrae, Robert R and Costa, Paul T},
  journal={Journal of personality and social psychology},
  volume={52},
  number={1},
  pages={81},
  year={1987},
  publisher={American Psychological Association}
}

@article{costa1991facet,
  title={Facet scales for agreeableness and conscientiousness: A revision of the NEO Personality Inventory},
  author={Costa Jr, Paul T and McCrae, Robert R and Dye, David A},
  journal={Personality and individual Differences},
  volume={12},
  number={9},
  pages={887--898},
  year={1991},
  publisher={Elsevier}
}

@article{costa2008revised,
  title={The revised neo personality inventory (neo-pi-r)},
  author={Costa, Paul T and McCrae, Robert R},
  journal={The SAGE handbook of personality theory and assessment},
  volume={2},
  number={2},
  pages={179--198},
  year={2008}
}

@article{mccrae1991neo,
  title={The NEO Personality Inventory: Using the five-factor modeI in counseling},
  author={McCrae, Robert R and Costa Jr, Paul T},
  journal={Journal of Counseling \& Development},
  volume={69},
  number={4},
  pages={367--372},
  year={1991},
  publisher={Wiley Online Library}
}

@article{mccrae2004contemplated,
  title={A contemplated revision of the NEO Five-Factor Inventory},
  author={McCrae, Robert R and Costa Jr, Paul T},
  journal={Personality and individual differences},
  volume={36},
  number={3},
  pages={587--596},
  year={2004},
  publisher={Elsevier}
}

@article{mccrae1989neo,
  title={The neo-pi/neo-ffi manual supplement},
  author={McCrae, RR and Costa, PT},
  journal={Odessa, FL: Psychological Assessment Resources. Google Scholar},
  year={1989}
}

@article{goldberg2006international,
  title={The international personality item pool and the future of public-domain personality measures},
  author={Goldberg, Lewis R and Johnson, John A and Eber, Herbert W and Hogan, Robert and Ashton, Michael C and Cloninger, C Robert and Gough, Harrison G},
  journal={Journal of Research in personality},
  volume={40},
  number={1},
  pages={84--96},
  year={2006},
  publisher={Elsevier}
}

@article{karra2022estimating,
  title={Estimating the Personality of White-Box Language Models},
  author={Karra, Saketh Reddy and Nguyen, Son The and Tulabandhula, Theja},
  journal={arXiv preprint arXiv:2204.12000},
  year={2022}
}

@article{caron2022identifying,
  title={Identifying and manipulating the personality traits of language models},
  author={Caron, Graham and Srivastava, Shashank},
  journal={arXiv preprint arXiv:2212.10276},
  year={2022}
}

@article{pan2023llms,
  title={Do llms possess a personality? making the mbti test an amazing evaluation for large language models},
  author={Pan, Keyu and Zeng, Yawen},
  journal={arXiv preprint arXiv:2307.16180},
  year={2023}
}

@article{li2022does,
  title={Does gpt-3 demonstrate psychopathy? evaluating large language models from a psychological perspective},
  author={Li, Xingxuan and Li, Yutong and Joty, Shafiq and Liu, Linlin and Huang, Fei and Qiu, Lin and Bing, Lidong},
  journal={arXiv preprint arXiv:2212.10529},
  year={2022}
}

@article{safdari2023personality,
  title={Personality traits in large language models. arXiv},
  author={Safdari, M and Serapio-Garc{\'\i}a, G and Crepy, C and Fitz, S and Romero, P and Sun, L and Abdulhai, M and Faust, A and Matari{\'c}, M},
  journal={Preprint posted online August},
  volume={28},
  year={2023}
}

@inproceedings{park2022social,
  title={Social simulacra: Creating populated prototypes for social computing systems},
  author={Park, Joon Sung and Popowski, Lindsay and Cai, Carrie and Morris, Meredith Ringel and Liang, Percy and Bernstein, Michael S},
  booktitle={Proceedings of the 35th Annual ACM Symposium on User Interface Software and Technology},
  pages={1--18},
  year={2022}
}

@article{costa1976age,
  title={Age differences in personality structure: A cluster analytic approach},
  author={Costa Jr, Paul T and McCrae, Robert R},
  journal={Journal of gerontology},
  volume={31},
  number={5},
  pages={564--570},
  year={1976},
  publisher={The Gerontological Society of America}
}

@article{bubeck2023sparks,
  title={Sparks of artificial general intelligence: Early experiments with GPT-4. arXiv},
  author={Bubeck, S{\'e}bastien and Chandrasekaran, Varun and Eldan, Ronen and Gehrke, Johannes and Horvitz, Eric and Kamar, Ece and Lee, Peter and Lee, Yin Tat and Li, Yuanzhi and Lundberg, Scott and others},
  journal={arXiv preprint arXiv:2303.12712},
  year={2023}
}

@incollection{kahneman2013prospect,
  title={Prospect theory: An analysis of decision under risk},
  author={Kahneman, Daniel and Tversky, Amos},
  booktitle={Handbook of the fundamentals of financial decision making: Part I},
  pages={99--127},
  year={2013},
  publisher={World Scientific}
}

@article{kahneman1982psychology,
  title={The psychology of preferences},
  author={Kahneman, D},
  journal={Scientific American},
  year={1982}
}

@article{simon1991bounded,
  title={Bounded rationality and organizational learning},
  author={Simon, Herbert A},
  journal={Organization science},
  volume={2},
  number={1},
  pages={125--134},
  year={1991},
  publisher={INFORMS}
}

@book{luhmann2018trust,
  title={Trust and power},
  author={Luhmann, Niklas},
  year={2018},
  publisher={John Wiley \& Sons}
}

@article{cho2015survey,
  title={A survey on trust modeling},
  author={Cho, Jin-Hee and Chan, Kevin and Adali, Sibel},
  journal={ACM Computing Surveys (CSUR)},
  volume={48},
  number={2},
  pages={1--40},
  year={2015},
  publisher={ACM New York, NY, USA}
}

@book{daniel2017thinking,
  title={Thinking, fast and slow},
  author={Daniel, Kahneman},
  year={2017}
}

@inproceedings{booch2021thinking,
  title={Thinking fast and slow in AI},
  author={Booch, Grady and Fabiano, Francesco and Horesh, Lior and Kate, Kiran and Lenchner, Jonathan and Linck, Nick and Loreggia, Andreas and Murgesan, Keerthiram and Mattei, Nicholas and Rossi, Francesca and others},
  booktitle={Proceedings of the AAAI Conference on Artificial Intelligence},
  volume={35},
  number={17},
  pages={15042--15046},
  year={2021}
}

@article{dillion2023can,
  title={Can AI language models replace human participants?},
  author={Dillion, Danica and Tandon, Niket and Gu, Yuling and Gray, Kurt},
  journal={Trends in Cognitive Sciences},
  volume={27},
  number={7},
  pages={597--600},
  year={2023},
  publisher={Elsevier}
}

@techreport{horton2023large,
  title={Large language models as simulated economic agents: What can we learn from homo silicus?},
  author={Horton, John J},
  year={2023},
  institution={National Bureau of Economic Research}
}

@article{neelakantan2022text,
  title={Text and code embeddings by contrastive pre-training},
  author={Neelakantan, Arvind and Xu, Tao and Puri, Raul and Radford, Alec and Han, Jesse Michael and Tworek, Jerry and Yuan, Qiming and Tezak, Nikolas and Kim, Jong Wook and Hallacy, Chris and others},
  journal={arXiv preprint arXiv:2201.10005},
  year={2022}
}

@inproceedings{turian2010word,
  title={Word representations: a simple and general method for semi-supervised learning},
  author={Turian, Joseph and Ratinov, Lev and Bengio, Yoshua},
  booktitle={Proceedings of the 48th annual meeting of the association for computational linguistics},
  pages={384--394},
  year={2010}
}

@article{demszky2023using,
  title={Using large language models in psychology},
  author={Demszky, Dorottya and Yang, Diyi and Yeager, David S and Bryan, Christopher J and Clapper, Margarett and Chandhok, Susannah and Eichstaedt, Johannes C and Hecht, Cameron and Jamieson, Jeremy and Johnson, Meghann and others},
  journal={Nature Reviews Psychology},
  volume={2},
  number={11},
  pages={688--701},
  year={2023},
  publisher={Nature Publishing Group US New York}
}

@inproceedings{wan2024building,
  title={Building LLM-based AI Agents in Social Virtual Reality},
  author={Wan, Hongyu and Zhang, Jinda and Suria, Abdulaziz Arif and Yao, Bingsheng and Wang, Dakuo and Coady, Yvonne and Prpa, Mirjana},
  booktitle={Extended Abstracts of the CHI Conference on Human Factors in Computing Systems},
  pages={1--7},
  year={2024}
} 